<record><leader>00000cas a2200000 a 4500</leader><controlfield tag="001">26756666</controlfield><controlfield tag="008">921009d186u1869iluwr ne      0   a0eng c</controlfield><datafield ind1=" " ind2=" " tag="010"><subfield code="a">sn 92053382 </subfield></datafield><datafield ind1=" " ind2=" " tag="040"><subfield code="a">NVF</subfield><subfield code="b">eng</subfield><subfield code="c">NVF</subfield><subfield code="d">OCL</subfield><subfield code="d">NVF</subfield><subfield code="d">CVF</subfield><subfield code="d">NVF</subfield><subfield code="d">OCLCQ</subfield><subfield code="d">NVF</subfield><subfield code="d">OCLCF</subfield><subfield code="d">OCLCO</subfield></datafield><datafield ind1="1" ind2=" " tag="029"><subfield code="a">AU@</subfield><subfield code="b">000020228735</subfield></datafield><datafield ind1=" " ind2=" " tag="042"><subfield code="a">pcc</subfield></datafield><datafield ind1=" " ind2=" " tag="043"><subfield code="a">n-us-il</subfield></datafield><datafield ind1="0" ind2=" " tag="130"><subfield code="a">Dixon telegraph (Dixon, Ill. : 1867)</subfield></datafield><datafield ind1="1" ind2="4" tag="245"><subfield code="a">The Dixon telegraph.</subfield></datafield><datafield ind1=" " ind2=" " tag="260"><subfield code="a">Dixon, Ills. [Ill.] :</subfield><subfield code="b">Isaac S. Boardman</subfield></datafield><datafield ind1=" " ind2=" " tag="300"><subfield code="a">v.</subfield></datafield><datafield ind1=" " ind2=" " tag="310"><subfield code="a">Weekly</subfield></datafield><datafield ind1="1" ind2=" " tag="362"><subfield code="a">Ceased in Nov. 1869.</subfield></datafield><datafield ind1=" " ind2=" " tag="580"><subfield code="a">Merged with: Dixon weekly herald, to form: Telegraph and herald.</subfield></datafield><datafield ind1=" " ind2=" " tag="588"><subfield code="a">Description based on: Vol. 10, no. 45 (May 9, 1867) = whole no. 513.</subfield></datafield><datafield ind1=" " ind2=" " tag="588"><subfield code="a">Latest issue consulted: Vol. 18, no. 23 (Oct. 21, 1869) = whole no. 641.</subfield></datafield><datafield ind1=" " ind2="0" tag="651"><subfield code="a">Dixon (Ill.)</subfield><subfield code="v">Newspapers.</subfield></datafield><datafield ind1=" " ind2="7" tag="655"><subfield code="a">Newspapers.</subfield><subfield code="2">fast</subfield><subfield code="0">(OCoLC)fst01423814</subfield></datafield><datafield ind1=" " ind2="7" tag="651"><subfield code="a">Illinois</subfield><subfield code="z">Dixon.</subfield><subfield code="2">fast</subfield><subfield code="0">(OCoLC)fst01217732</subfield></datafield><datafield ind1=" " ind2=" " tag="752"><subfield code="a">United States</subfield><subfield code="b">Illinois</subfield><subfield code="c">Lee</subfield><subfield code="d">Dixon.</subfield></datafield><datafield ind1="0" ind2="0" tag="780"><subfield code="t">Republican and telegraph</subfield><subfield code="w">(DLC)sn 84038419</subfield><subfield code="w">(OCoLC)11308481</subfield></datafield><datafield ind1="1" ind2="7" tag="785"><subfield code="t">Dixon weekly herald</subfield><subfield code="w">(DLC)sn 92053383</subfield><subfield code="w">(OCoLC)26756731</subfield></datafield><datafield ind1="1" ind2="7" tag="785"><subfield code="t">Telegraph and herald</subfield><subfield code="w">(DLC)sn 85033579</subfield><subfield code="w">(OCoLC)12071865</subfield></datafield></record>